@inbook{cormen,
	title = {Introduction to Algorithm.},
    author = {Thomas H. Cormen and Charles E. Leiserson and Ronald L. Rivest and Cliff Stein},
    isbn = {9780262533058},
    year = {2009},
    publisher = {MIT Press},
    chapter = {34}
}
@article{karp,
    author = {R. Karp},
    title = {Reducibility Among Combinatorial Problems.},
    journal = {Complexity of Computer Computations},
    pages = {85--104},
    year = {1972},
    city = {New York}
   
}
 
@article{Gallai,
    author = {Gallai, Tibor},
    title = {\"Uber extreme Punkt- und Kantenmengen.},
    journal = {Ann. Univ. Sci. Budapest, E\"otv\"os Sect. Math. 2},
    pages = {133--138} 
}


@article{turing,
    author = {A.M. Turing},
    title = {Intelligent Machinery (manuscript).},
    journal = {The Turing Archive},
    pages = {3},
    year ={1948} 
}

@article{manindra,
    author = {Manindra Agrawal and Neeraj Kayal and Nitin Saxena},
    title = {PRIMES is in P.},
    journal = {Annals of Mathematics 160},
    pages = {781--793},
    volume = {2},
    year = {2004}
}

@article{buss,
    author = {Buss, Jonathan F. and Goldsmith, Judy.},
    title = {Nondeterminism within P.},
    journal = {SIAM Journal on Computing},
    pages = {560--572},
    volume = {22(3)}
     
}

@article{kra,
    author = {Bart M.P. Jansen and Stefan Kratsch},
    title = {Data reduction for graph coloring problems.},
    journal = {Information and Computation},
    volume = {231},
    pages = {70--88},
    year = {2013}
}


@article{Gerard2,
    author = {G\'erard Cornu\'ejols},
    title = {Valid Inequalities for Mixed Integer Linear Programs.},
    journal = {Tepper School of Business, Carnegie Mellon University, Pittsburgh, Pennsylvania 15213, and LIF, Facult\'e des Sciences de Luminy, Universit\'e de Marseille, France},
    year = {2005}
}

@article{bron,
    author = {C. Bron and J. Kerbosch},
    title = {Algorithm 457: finding all cliques of an undirected graph.},
    journal = {Communications of the ACM},
    pages = {575--577},     
    volume = {16},
    year = {1973}
}

@article{brelaz,
    author = {Daniel Br\'elaz},
    title = {New Methods to Color the Vertices of a Graph.},
    journal = {Communications of the ACM},
    pages ={251--256}, 
    volume ={22},
    university = {\'Ecole polytechnique f\'ed\'erale de Lausanne},
    year = {1979}
     
}

@article{randall,
    author = {J. Randall Brown},
    title = {Chromatic Scheduling and the Chromatic Number Problem.},
    journal = {Management Science},
    pages = {456--463},
    volume = {19(4)},
    series = {Application Series, Part 1},
    
    year = {1972},
    url = {http://www.jstor.org/stable/2629029}
}

@article{cook,
    author = {Stephen Cook},
    title = {The complexity of theorem-proving procedures.},
    journal = {Proceedings of the third annual ACM symposium on Theory of computing.},
    pages = {151--158},
    year = {1971}
}

@book{lawler,
    title = {The Traveling Salesman Problem: A Guided Tour of Combinatorial Optimization.},
    author = {Lawler, E. L. and Lenstra, J. K. and Rinnooy Kan, A. H. G. and Shmoys, D. B.},
    isbn = {978-0-471-90413-7},
    year = {1991},
    publisher = {John Wiley & Sons}
}

@book{gerard,
    title = {Linear and Integer Programming: Theory and Practice, Second Edition.},
    author = {Gerard Sierksma},
    isbn = {978-0-8247-0673-9},
    year = {2001},
    publisher = {CRC Press}
}



@online{bart,
    author = {Bart M. P. Jansen},
    title = {The power of preprocessing: Gems in kernelization},
    addendum = {A Presentation in Aachen-Bonn-Cologne Workshop},
    url  = {https://onedrive.live.com/view.aspx?resid=D39E73028C0B20E6!2586&ithint=file%2cpptx&app=PowerPoint&authkey=!AFs8zyWC8bfQ0PA},
    
    city = {Bonn, Germany.},
    year = {2016}
}
 
@misc{ampl,
    
    url  = {https://ampl.com/}
   
}
 
 @online{cplex,
   
    url  = {https://ampl.com/products/solvers/solvers-we-sell/cplex/}
    
}
 
 @online{instance,
  
    url  = {http://mat.gsia.cmu.edu/COLOR/instances.html}
   
}
 
